@inproceedings{milutinovic2016proof,
	title={Proof of Luck: an Efficient Blockchain Consensus Protocol},
	author={Milutinovic, Mitar and He, Warren and Wu, Howard and Kanwal, Maxinder},
	booktitle={Proceedings of the 1st Workshop on System Software for Trusted Execution},
	pages={2},
	year={2016},
	organization={ACM}
}

@inproceedings{chen2017security,
	title={On Security Analysis of Proof-of-Elapsed-Time (PoET)},
	author={Chen, Lin and Xu, Lei and Shah, Nolan and Gao, Zhimin and Lu, Yang and Shi, Weidong},
	booktitle={International Symposium on Stabilization, Safety, and Security of Distributed Systems},
	pages={282--297},
	year={2017},
	organization={Springer}
}

@inproceedings{bonneau2015sok,
	title={Sok: Research perspectives and challenges for bitcoin and cryptocurrencies},
	author={Bonneau, Joseph and Miller, Andrew and Clark, Jeremy and Narayanan, Arvind and Kroll, Joshua A and Felten, Edward W},
	booktitle={Security and Privacy (SP), 2015 IEEE Symposium on},
	pages={104--121},
	year={2015},
	organization={IEEE}
}

@article{policy2012,
	title={Dependency path patterns as the foundation of access control in provenanceaware systems},
	author={D. Nguyen, J. Park, and R. Sandhu},
	journal={TAPP},
	year={2012}
}

@article{schneider1990implementing,
	title={Implementing fault-tolerant services using the state machine approach: A tutorial},
	author={Schneider, Fred B},
	journal={ACM Computing Surveys (CSUR)},
	volume={22},
	number={4},
	pages={299--319},
	year={1990},
	publisher={ACM}
}

@inproceedings{miller2016honey,
	title={The honey badger of BFT protocols},
	author={Miller, Andrew and Xia, Yu and Croman, Kyle and Shi, Elaine and Song, Dawn},
	booktitle={Proceedings of the 2016 ACM SIGSAC Conference on Computer and Communications Security},
	pages={31--42},
	year={2016},
	organization={ACM}
}

@inproceedings{tosh2017security,
	author = {Tosh, Deepak K. and Shetty, Sachin and Liang, Xueping and Kamhoua, Charles A. and Kwiat, Kevin A. and Njilla, Laurent},
	title = {Security Implications of Blockchain Cloud with Analysis of Block Withholding Attack},
	booktitle = {Proceedings of 17th IEEE/ACM Intl. Conf. on Cluster, Cloud and Grid Computing},
	series = {CCGrid },
	year = {2017},
	isbn = {978-1-5090-6610-0},
	location = {Madrid, Spain},
	pages = {458--467},
	numpages = {10},
} 

@inproceedings{alwen2015high,
	title={High parallel complexity graphs and memory-hard functions},
	author={Alwen, Jo{\"e}l and Serbinenko, Vladimir},
	booktitle={Proceedings of the forty-seventh annual ACM symposium on Theory of computing},
	pages={595--603},
	year={2015},
	organization={ACM}
}

@article{paul1976space,
	title={Space bounds for a game on graphs},
	author={Paul, Wolfgang J and Tarjan, Robert Endre and Celoni, James R},
	journal={Mathematical systems theory},
	volume={10},
	number={1},
	pages={239--251},
	year={1976},
	publisher={Springer}
}

@article{luu2015scp,
	title={SCP: A Computationally-Scalable Byzantine Consensus Protocol For Blockchains.},
	author={Luu, Loi and Narayanan, Viswesh and Baweja, Kunal and Zheng, Chaodong and Gilbert, Seth and Saxena, Prateek},
	journal={IACR Cryptology ePrint Archive},
	volume={2015},
	pages={1168},
	year={2015}
}

@article{mazieres2015stellar,
	title={The stellar consensus protocol: A federated model for internet-level consensus},
	author={Mazieres, David},
	journal={Stellar Development Foundation},
	year={2015}
}

@article{schwartz2014ripple,
	title={The Ripple protocol consensus algorithm},
	author={Schwartz, David and Youngs, Noah and Britto, Arthur},
	journal={Ripple Labs Inc White Paper},
	volume={5},
	year={2014}
}
@article{parkspacemint,
	title={Spacemintâ‹†: A Cryptocurrency Based on Proofs of Space},
	author={Park, Sunoo and Pietrzak, Krzysztof and Kwon, Albert and Alwen, Jo{\"e}l and Fuchsbauer, Georg and Gazi, Peter},
	publisher={Citeseer},
	yeqr={2017}
}

@misc{buterin2013ethereum,
	title={Ethereum white paper},
	author={Buterin, Vitalik and others},
	year={2013},
	publisher={Ethereum}
}
@inproceedings{liu2016xft,
	title={XFT: Practical Fault Tolerance beyond Crashes.},
	author={Liu, Shengyun and Viotti, Paolo and Cachin, Christian and Qu{\'e}ma, Vivien and Vukolic, Marko},
	booktitle={OSDI},
	pages={485--500},
	year={2016}
}

@article{dolev1983authenticated,
	title={Authenticated algorithms for Byzantine agreement},
	author={Dolev, Danny and Strong, H. Raymond},
	journal={SIAM Journal on Computing},
	volume={12},
	number={4},
	pages={656--666},
	year={1983},
	publisher={SIAM}
}
@article{garay1998fully,
	title={Fully polynomial byzantine agreement for processors in rounds},
	author={Garay, Juan A and Moses, Yoram},
	journal={SIAM Journal on Computing},
	volume={27},
	number={1},
	pages={247--290},
	year={1998},
	publisher={SIAM}
}
@article{aspnes2003randomized,
	title={Randomized protocols for asynchronous consensus},
	author={Aspnes, James},
	journal={Distributed Computing},
	volume={16},
	number={2},
	pages={165--175},
	year={2003},
	publisher={Springer}
}
@article{lamport1982byzantine,
	title={The Byzantine generals problem},
	author={Lamport, Leslie and Shostak, Robert and Pease, Marshall},
	journal={ACM Transactions on Programming Languages and Systems (TOPLAS)},
	volume={4},
	number={3},
	pages={382--401},
	year={1982},
	publisher={ACM}
}
@article{adya2002farsite,
	title={FARSITE: Federated, available, and reliable storage for an incompletely trusted environment},
	author={Adya, Atul and Bolosky, William J and Castro, Miguel and Cermak, Gerald and Chaiken, Ronnie and Douceur, John R and Howell, Jon and Lorch, Jacob R and Theimer, Marvin and Wattenhofer, Roger P},
	journal={ACM SIGOPS Operating Systems Review},
	volume={36},
	number={SI},
	pages={1--14},
	year={2002},
	publisher={ACM}
}
@article{lakshman2010cassandra,
	title={Cassandra: a decentralized structured storage system},
	author={Lakshman, Avinash and Malik, Prashant},
	journal={ACM SIGOPS Operating Systems Review},
	volume={44},
	number={2},
	pages={35--40},
	year={2010},
	publisher={ACM}
}
@inproceedings{weil2006ceph,
	title={Ceph: A scalable, high-performance distributed file system},
	author={Weil, Sage A and Brandt, Scott A and Miller, Ethan L and Long, Darrell DE and Maltzahn, Carlos},
	booktitle={Proceedings of the 7th symposium on Operating systems design and implementation},
	pages={307--320},
	year={2006},
	organization={USENIX Association}
}

@inproceedings{wallach2003enforcing,
	title={Enforcing fair sharing of peer-to-peer resources},
	author={Wallach, Dan S and Druschel, Peter and others},
	booktitle={International Workshop on Peer-to-Peer Systems},
	pages={149--159},
	year={2003},
	organization={Springer}
}
@article{gartner1999fundamentals,
	title={Fundamentals of fault-tolerant distributed computing in asynchronous environments},
	author={G{\"a}rtner, Felix C},
	journal={ACM Computing Surveys (CSUR)},
	volume={31},
	number={1},
	pages={1--26},
	year={1999},
	publisher={ACM}
}

@article{pass2016hybrid,
	title={Hybrid Consensus: Efficient Consensus in the Permissionless Model.},
	author={Pass, Rafael and Shi, Elaine},
	journal={IACR Cryptology ePrint Archive},
	volume={2016},
	pages={917},
	year={2016}
}


@article{barborak1993the,
	author = {Barborak, Michael and Dahbura, Anton and Malek, Miroslaw},
	title = {The Consensus Problem in Fault-tolerant Computing},
	journal = {ACM Comput. Surv.},
	issue_date = {June 1993},
	volume = {25},
	number = {2},
	month = jun,
	year = {1993},
	issn = {0360-0300},
	pages = {171--220},
	numpages = {50},
	url = {http://doi.acm.org/10.1145/152610.152612},
	doi = {10.1145/152610.152612},
	acmid = {152612},
	publisher = {ACM},
	address = {New York, NY, USA},
	keywords = {Byzantine agreement, consensus problem, decision theory, processor membership, system diagnosis},
} 



@inproceedings{zhang2014secure,
	author = {Zhang, Yun and Krishnan, Ram and Sandhu, Ravi},
	title = {Secure Information and Resource Sharing in Cloud Infrastructure As a Service},
	booktitle = {Proceedings of the 2014 ACM Workshop on Information Sharing \&\#38; Collaborative Security},
	series = {WISCS '14},
	year = {2014},
	isbn = {978-1-4503-3151-7},
	location = {Scottsdale, Arizona, USA},
	pages = {81--90},
	numpages = {10},
	url = {http://doi.acm.org/10.1145/2663876.2663884},
	doi = {10.1145/2663876.2663884},
	acmid = {2663884},
	publisher = {ACM},
	address = {New York, NY, USA},
	keywords = {formal models, iaas, openstack},
}

@misc{finance,
	title={Forty Big Banks Test Blockchain-Based Bond Trading System [Online].},
	author={J. Kelly and A. Williams.},
	booktitle={Available: http://www.nytimes.com/reuters/2016/03/02/business/02reuters-bankingblockchain-bonds.html},
	year={2016}
}

@misc{healthcare,
	title={Estonian Citizens Will Soon Have the World?s Most Hack-Proof Health-Care Records[Online].},
	author={I. Kar},
	booktitle={Available: http://qz. com/628889/this-eastern-european-country-is-moving-its-health-recordsto-the-blockchain/},
	year={2016}
}
@misc{utilities,
	title={The Energy Blockchain: How Bitcoin Could be a Catalyst for the Distributed Grid[Online].},
	author={S. Lacey},
	booktitle={Available: http://www.greentechmedia. com/articles/read/the-energy-blockchain-could-bitcoin-be-a-catalyst-forthe-distributed-grid},
	year={2016}
}
@misc{estate,
	title={3 Ways That the Blockchain Will Change the Real Estate Market},
	author={D. Oparah},
	booktitle={Available: http://techcrunch.com/2016/02/06/3- ways-that-blockchain-will-change-the-real-estate-market/ },
	year={2016}
}
@misc{government,
	title={A Blockchain-Based Property Ownership Recording System. [Online].},
	author={A. Mizrahi},
	booktitle={Available: http://chromaway.com/papers/A-blockchainbased-property-registry.pdf },
	year={2015}
}

@article{bentov2014proof,
	title={Proof of Activity: Extending Bitcoin's Proof of Work via Proof of Stake},
	author={Bentov, Iddo and Lee, Charles and Mizrahi, Alex and Rosenfeld, Meni},
	journal={ACM SIGMETRICS Performance Evaluation Review},
	volume={42},
	number={3},
	pages={34--37},
	year={2014},
	publisher={ACM}
}

@article{borge2017proof,
	title={Proof-of-Personhood: Redemocratizing Permissionless Cryptocurrencies},
	author={Borge, Maria and Kokoris-Kogias, Eleftherios and Jovanovic, Philipp and Gailly, N and Gasser, L and Ford, Bryan},
	journal={1st IEEE Security and Privacy On The Blockchain},
	year={2017}
}
@incollection{wood2016trustless,
	title={Trustless Computingâ€”The What Not the How},
	author={Wood, Gavin and Steiner, Jutta},
	booktitle={Banking Beyond Banks and Money},
	pages={133--144},
	year={2016},
	publisher={Springer}
}
@inproceedings{dziembowski2015proofs,
	title={Proofs of space},
	author={Dziembowski, Stefan and Faust, Sebastian and Kolmogorov, Vladimir and Pietrzak, Krzysztof},
	booktitle={Annual Cryptology Conference},
	pages={585--605},
	year={2015},
	organization={Springer}
}

@article{o2014bitcoin,
	title={Bitcoin mining and its energy footprint},
	author={O'Dwyer, Karl J and Malone, David},
	year={2014},
	publisher={IET}
}@inproceedings{eyal2014majority,
  title={Majority is not enough: Bitcoin mining is vulnerable},
  author={Eyal, Ittay and Sirer, Emin G{\"u}n},
  booktitle={International Conference on Financial Cryptography and Data Security},
  pages={436--454},
  year={2014},
  organization={Springer}
}
@article{castro2002practical,
	title={Practical Byzantine fault tolerance and proactive recovery},
	author={Castro, Miguel and Liskov, Barbara},
	journal={ACM Transactions on Computer Systems (TOCS)},
	volume={20},
	number={4},
	pages={398--461},
	year={2002},
	publisher={ACM}
}
@inproceedings{clement2009making,
	title={Making Byzantine Fault Tolerant Systems Tolerate Byzantine Faults.},
	author={Clement, Allen and Wong, Edmund L and Alvisi, Lorenzo and Dahlin, Michael and Marchetti, Mirco},
	booktitle={NSDI},
	volume={9},
	pages={153--168},
	year={2009}
}
@article{mizrahiproof,
	title={Proof of Activity: Extending Bitcoin's Proof of Work via Proof of Stake},
	author={Bentov, Iddo and Lee, Charles and Mizrahi, Alex and Rosenfeld, Meni},
	journal={ACM SIGMETRICS Performance Evaluation Review},
	volume={42},
	number={3},
	pages={34--37},
	year={2014},
	publisher={ACM}
}
@article{tosh2016establishing,
	title = {Establishing evolutionary game models for CYBer security information EXchange (CYBEX) },
	journal = "Elsevier Journal of Computer and System Sciences ",
	volume = "",
	number = "",
	pages = "",
	year = "2016",
	note = "",
	issn = "0022-0000",
	url = "http://dx.doi.org/10.1016/j.jcss.2016.08.005",
	author = "Deepak Tosh and Shamik Sengupta and Charles A. Kamhoua and Kevin A. Kwiat"
}
@inproceedings{kamhoua2015cyber,
	title={Cyber-threats Information Sharing in Cloud Computing: A game Theoretic Approach},
	author={Kamhoua, Charles and Martin, Andrew and Tosh, Deepak K and Kwiat, Kevin and Heitzenrater, Chad and Sengupta, Shamik},
	booktitle={IEEE 2nd International Conference on Cyber Security and Cloud Computing (CSCloud)},
	pages={382--389},
	year={2015}
}
@inproceedings{tosh2015cyber,
	title={Cyber-Investment and Cyber-Information Exchange Decision Modeling},
	author={Tosh, Deepak K and Molloy, Matthew and Sengupta, Shamik and Kamhoua, Charles A and Kwiat, Kevin A},
	booktitle={IEEE 7th International Symposium on Cyberspace Safety and Security},
	pages={1219--1224},
	year={2015}
}
@inproceedings{liang2017provchain,
	title={ProvChain: A Blockchain-based Data Provenance Architecture in Cloud Environment with Enhanced Privacy and Availability},
	author={Liang, Xueping and Shetty, Sachin and Tosh, Deepak and Kamhoua, Charles and Kwiat, Kevin  and Njilla, Laurent},
	booktitle={International Symposium on Cluster, Cloud and Grid Computing},
	year={2017},
	organization={IEEE/ACM}
}
@article{ksi,
	title = {{KSI Blockchain Technology, }},
	note={\url{https://guardtime.com/technology/ksi-technology}}
}

@article{ericsson_gt,
title={{Ericsson and Guardtime} create secure cloud and big data, }, note={\url{https://www.ericsson.com/news/1853499}}
}

@inproceedings{buldas2013keyless,
	title={Keyless signaturesâ€™ infrastructure: How to build global distributed hash-trees},
	author={Buldas, Ahto and Kroonmaa, Andres and Laanoja, Risto},
	booktitle={Nordic Conference on Secure IT Systems},
	pages={313--320},
	year={2013},
	organization={Springer}
}
@article{king2012ppcoin,
	title={Ppcoin: Peer-to-peer crypto-currency with proof-of-stake},
	author={King, Sunny and Nadal, Scott},
	journal={self-published paper, August 19, 2012},
	year={2012}
}

@article{castro2002practical,
	title={Practical Byzantine fault tolerance and proactive recovery},
	author={Castro, Miguel and Liskov, Barbara},
	journal={ACM Transactions on Computer Systems (TOCS)},
	volume={20},
	number={4},
	pages={398--461},
	year={2002},
	publisher={ACM}
}

@inproceedings{baek2004identity,
	title={Identity-based threshold decryption},
	author={Baek, Joonsang and Zheng, Yuliang},
	booktitle={Public Key Cryptography},
	volume={2947},
	pages={262--276},
	year={2004},
	organization={Springer}
}

@inproceedings{ongaro2014search,
	title={In search of an understandable consensus algorithm.},
	author={Ongaro, Diego and Ousterhout, John K},
	booktitle={USENIX Annual Technical Conf.},
	pages={305--319},
	year={2014}
}

@inproceedings{desmedt1992threshold,
	title={Threshold cryptosystems},
	author={Desmedt, Yvo},
	booktitle={International Workshop on the Theory and Application of Cryptographic Techniques},
	pages={1--14},
	year={1992},
	organization={Springer}
}
@article{sapirshtein2015optimal,
  title={Optimal selfish mining strategies in Bitcoin},
  author={Sapirshtein, Ayelet and Sompolinsky, Yonatan and Zohar, Aviv},
  journal={arXiv preprint arXiv:1507.06183},
  year={2015}
}

@article{lamport2001paxos,
	title={Paxos made simple},
	author={Lamport, Leslie and others},
	journal={ACM Sigact News},
	volume={32},
	number={4},
	pages={18--25},
	year={2001}
}

@article{dwork1988consensus,
	title={Consensus in the presence of partial synchrony},
	author={Dwork, Cynthia and Lynch, Nancy and Stockmeyer, Larry},
	journal={Journal of the ACM (JACM)},
	volume={35},
	number={2},
	pages={288--323},
	year={1988},
	publisher={ACM}
}

@article{fischer1985impossibility,
	title={Impossibility of distributed consensus with one faulty process},
	author={Fischer, Michael J and Lynch, Nancy A and Paterson, Michael S},
	journal={Journal of the ACM (JACM)},
	volume={32},
	number={2},
	pages={374--382},
	year={1985},
	publisher={ACM}
}



@misc{nakamoto2008bitcoin,
	title={Bitcoin: A peer-to-peer electronic cash system},
	author={Nakamoto, Satoshi},
	year={2008}
}
@misc{dejavu_rep,
	title={A Security Analysis of the Bitcoin Mining Ecosystem},
	author={Ayzenberg, Mick and Cecchetti, Adam and Aggarwal, Akshay},
	Organization={Deja Vu Security},
	note={\url{http://static1.squarespace.com/static/53168f6ce4b0ee73efea0c2a/t/53c5cc86e4b0cf6b53648339/1405471878208/Bitcoin+Mining+Security-+Deja+vu+Security+-+2014.pdf}}
}
@misc{ddos_BC,note={\url{http://www.newsbtc.com/2016/06/04/ddos-attacks-target-bitgo-bitcoin-wallet-services/}}}

@inproceedings{kroll2013economics,
	title={The economics of Bitcoin mining, or Bitcoin in the presence of adversaries},
	author={Kroll, Joshua A and Davey, Ian C and Felten, Edward W},
	booktitle={Proceedings of WEIS},
	volume={2013},
	year={2013},
	organization={Citeseer}
}
@inproceedings{vasek2014empirical,
	title={Empirical analysis of denial-of-service attacks in the Bitcoin ecosystem},
	author={Vasek, Marie and Thornton, Micah and Moore, Tyler},
	booktitle={International Conference on Financial Cryptography and Data Security},
	pages={57--71},
	year={2014},
	organization={Springer}
}
@inproceedings{heilman2015eclipse,
	title={Eclipse attacks on Bitcoinâ€™s peer-to-peer network},
	author={Heilman, Ethan and Kendler, Alison and Zohar, Aviv and Goldberg, Sharon},
	booktitle={24th USENIX Security Symposium (USENIX Security 15)},
	pages={129--144},
	year={2015}
}
@inproceedings{barber2012bitter,
	title={Bitter to betterâ€”how to make bitcoin a better currency},
	author={Barber, Simon and Boyen, Xavier and Shi, Elaine and Uzun, Ersin},
	booktitle={International Conference on Financial Cryptography and Data Security},
	pages={399--414},
	year={2012},
	organization={Springer}
}
@inproceedings{eyal2014majority,
	title={Majority is not enough: Bitcoin mining is vulnerable},
	author={Eyal, Ittay and Sirer, Emin G{\"u}n},
	booktitle={International Conference on Financial Cryptography and Data Security},
	pages={436--454},
	year={2014},
	organization={Springer}
}

@article{gobel2015bitcoin,
	title={Bitcoin Blockchain Dynamics: the Selfish-Mine Strategy in the Presence of Propagation Delay},
	author={G{\"o}bel, Johannes and Keeler, Paul and Krzesinski, Anthony E and Taylor, Peter G},
	journal={arXiv preprint arXiv:1505.05343},
	year={2015}
}
@article{natoli2016blockchain,
	title={The Blockchain Anomaly},
	author={Natoli, Christopher and Gramoli, Vincent},
	journal={arXiv preprint arXiv:1605.05438},
	year={2016}
}
@article{rosenfeld2014analysis,
	title={Analysis of hashrate-based double spending},
	author={Rosenfeld, Meni},
	journal={arXiv preprint arXiv:1402.2009},
	year={2014}
}

@article{rosenfeld2011analysis,
  title={Analysis of Bitcoin Pooled Mining Reward Systems},
  author={Rosenfeld, Meni},
  journal={arXiv preprint: http://arxiv.org/abs/1112.4980},
  year={2011}
}

@inproceedings{nayak2016stubborn,
  title={Stubborn mining: Generalizing selfish mining and combining with an eclipse attack},
  author={Nayak, Kartik and Kumar, Srijan and Miller, Andrew and Shi, Elaine},
  booktitle={2016 IEEE European Symposium on Security and Privacy (EuroS\&P)},
  pages={305--320},
  year={2016},
  organization={IEEE}
}
@article{bahack2013theoretical,
  title={Theoretical Bitcoin Attacks with less than Half of the Computational Power (draft)},
  author={Bahack, Lear},
  journal={arXiv preprint arXiv:1312.7013},
  year={2013}
}

@article{courtois2014subversive,
  title={On subversive miner strategies and block withholding attack in bitcoin digital currency},
  author={Courtois, Nicolas T and Bahack, Lear},
  journal={arXiv preprint arXiv:1402.1718},
  year={2014}
}

@inproceedings{koshy2014analysis,
	title={An analysis of anonymity in bitcoin using p2p network traffic},
	author={Koshy, Philip and Koshy, Diana and McDaniel, Patrick},
	booktitle={International Conference on Financial Cryptography and Data Security},
	pages={469--485},
	year={2014},
	organization={Springer}
}

@inproceedings{biryukov2014deanonymisation,
	title={Deanonymisation of clients in Bitcoin P2P network},
	author={Biryukov, Alex and Khovratovich, Dmitry and Pustogarov, Ivan},
	booktitle={Proceedings of the 2014 ACM SIGSAC Conference on Computer and Communications Security},
	pages={15--29},
	year={2014},
	organization={ACM}
}
@misc{wannacry,
	title={WannaCry Ransomware},note={\url{https://en.wikipedia.org/wiki/WannaCry_ransomware_attack}}
}
@misc{avalon,
	author = { https://bitcoinmagazine.com/articles/avalon-releases-new-asic-miner-begins-shipping-worldwide-through-blockc-partnership-1447268188}
	}
@misc{hasflare,
	title={HASHFLARE: Bitcoin Cloud Mining},	
	note = {\url{https://hashflare.io}}
}
@misc{genmine,
	title={Genesis Mining},	
	note = {\url{https://www.genesis-mining.com}}
}
@misc{hashnest,
	title={HASHNEST Cloud Mining},	
	note = {\url{https://www.hashnest.com}}
}
@misc{sawtooth,
	title={Sawtooth Lake},	
	note = {\url{https://intelledger.github.io/introduction.html}}
}
@misc{eobot,
	title={Eobot: Bitcoin Cloud Mining and the best way to mine cryptocurrency},	
	note = {\url{https://www.eobot.com}}
}